@inproceedings{green2007identity,
  title={Identity-based proxy re-encryption},
  author={Green, Matthew and Ateniese, Giuseppe},
  booktitle={Applied Cryptography and Network Security},
  pages={288--306},
  year={2007},
  organization={Springer}
}

@article{charm13,
  year={2013},
  issn={2190-8508},
  journal={Journal of Cryptographic Engineering},
  volume={3},
  number={2},
  doi={10.1007/s13389-013-0057-3},
  title={Charm: a framework for rapidly prototyping cryptosystems},
  url={http://dx.doi.org/10.1007/s13389-013-0057-3},
  publisher={Springer-Verlag},
  keywords={Applied cryptography; Protocols; Software; Privacy},
  author={Akinyele, Joseph A. and Garman, Christina and Miers, Ian and Pagano, Matthew W. and Rushanan, Michael and Green, Matthew    and Rubin, Aviel D.},
  pages={111-128},
}

@incollection{ibraimi2008type,
  title={A type-and-identity-based proxy re-encryption scheme and its application in healthcare},
  author={Ibraimi, Luan and Tang, Qiang and Hartel, Pieter and Jonker, Willem},
  booktitle={Secure Data Management},
  pages={185--198},
  year={2008},
  publisher={Springer}
}

@incollection{waters2005efficient,
  title={Efficient identity-based encryption without random oracles},
  author={Waters, Brent},
  booktitle={Advances in Cryptology--EUROCRYPT 2005},
  pages={114--127},
  year={2005},
  publisher={Springer}
}



@article{li2013scalable,
  title={Scalable and secure sharing of personal health records in cloud computing using attribute-based encryption},
  author={Li, Ming and Yu, Shucheng and Zheng, Yao and Ren, Kui and Lou, Wenjing},
  journal={Parallel and Distributed Systems, IEEE Transactions on},
  volume={24},
  number={1},
  pages={131--143},
  year={2013},
  publisher={IEEE}
}
